@book{Montessori2020,
    title       ={Creative Development in the Child},
    author      ={Montessori, Maria},
    year        = {2020},
    publisher   = {Montessori-Pierson Publishing Company},
    volume         = {24},
    series         = {The Montessori series},
    },
@book{Montessori2012,
    title       ={The 1946 London Lectures},
    author      ={Montessori, Maria},
    year        ={2012},
    publisher   ={Montessori-Pierson Publishing Company}
    },
@book{Montessori2017,
    title       ={The Discovery of the Child},
    author      ={Montessori, Maria},
    year        = {2017},
    publisher   ={Montessori-Pierson Publishing Company}
    },

@book{Montessori1954,
    title       = {Het onbegrepen kind},
    author      = {Montessori, Maria},
    year        = {1954},
    publisher   = {Van Holkema en Warendorf}
    },
@book{Montessori1952,
    title       = {Door het kind naar een nieuwe wereld},
    author      = {Montessori, Maria},
    year        = {1952},
    origdate    = {1941},
    publisher   = {Nederlandse Montessori Vereniging}
    }

@book{Montessori2016,
    title        = {The Absorbent Mind},
    author       = {Montessori, Maria},
    year         = {2016},
    origdate     = {1952},
    publisher    = {Montessori-Pierson Publishing Company},
    edition      = {3e}  
    },
@inbook{Brouwer2021,
    title       = {Persoonlijkheden ontwikkelen zich door kennis en ervaring},
    author      = {Brouwer, Jaap de},
    editor      = {Rene Berends and Jaap de Brouwer},
    year        = {2021},
    publisher   = {Saxion Progressive Education},
    booktitle  = {Perspectieven op Montessori}
    },
@book{Kamphuis2023,
    title        = {Verslaafd aan ons eigen gelijk},
    subtitle     = {Pleidooi voor perspectivistische lenigheid},
    author       = {Kamphuis, L.},
    year         = {2023},
    publisher    = {De Bezige Bij}
    
    },
@book{Moorman1998,
    title        = {Montessori concreet},
    author       = {Moorman, Annemarie},
    year         = {1998},
    publisher      = {Nienhuis}
    },
@book{Boekaerts1995,
    title    = {Leren en instructie},
    subtitle       = {Psychologie van de leerling en het leerproces},
    author      = {Boekaerts, Monique and P. Robert-Jan Simons},
    year        = {1995},
    publisher      = {van Gorcum}
    },

@misc{Marijn23,
  author       = {Marijn van der Meer},
  howpublished = {Interventieonderzoek voor de Montessori Scholengemeenschap Amsterdam},
  title        = {SlimStampen met Maria},
  subtitle = {Het invoeren van een leeralgoritme in het montessori-onderwijs},
  year         = {2023}
}

@book{Lillard,
  author         = {Lillard, Angeline Stoll},
  publisher      = {Oxford University Press},
  title          = {Montessori, The science behind the genius},
  year           = {2017},
  edition        = {3rd},
},

@article{Fallace,
  author = {Thomas Fallace},
  title = {The racism of Maria Montessori},
  journal = {Journal of Curriculum Studies},
  volume = {55},
  number = {5},
  pages = {619-631},
  year = {2023},
  publisher = {Routledge},
  doi = {10.1080/00220272.2023.2249067},
},

@book{jolles,
  author         = {Jolles, Jelle},
  publisher      = {Amsterdam University Press},
  title          = {Het Tienerbrein},
  year           = {2019},
  edition        = {2e},
},

@book{hattie2014,
  author         = {Hattie, John and Yates, Gregory},
  publisher      = {Routledge},
  title          = {Visible Learning and the Science of How We Learn},
  year           = {2014}
},

@book{savater,
  author         = {Savater, Fernando},
  publisher      = {Bijleveld},
  title          = {Een kleine filosofie van het onderwijs},
  year           = {2023}
},
@article{Rijn09,
  author          = {Rijn, Hedderik van and L. van Maanen and M. Woudenberg},
  journal         = {Proceedings of the 9th international conference of cognitive modeling},
  number          = {1},
  title           = {Passing the test: Improving learning gains by balancing spacing and testing effects},
  volume          = {2},
  year            = {2009}
},
@article{dunlosky13,
  author          = {Dunlosky, J. and K.A. Rawson and E.J. Marsh and M.J. Nathan and D.T. Willingham},
  journal         = {Psychological Science in the Public Interest},
  number          = {1},
  title           = {Improving Students’ Learning With Effective Learning Techniques: Promising
Directions From Cognitive and Educational Psychology},
  volume          = {14},
  year            = {2013},
  doi            = {10.1177/1529100612453266},
  pages          = {4-58},
},
@book{Mario,
  author         = {Montessori, Mario M.},
  editor         = {},
  publisher      = {Hollandia},
  title          = {Opvoeding en ontwikkeling},
  year           = {1980}
},
@book{willaschek,
  author         = {Willaschek, Marcus},
  editor         = {},
  publisher      = {Atheneum - Polak en van Gennip},
  title          = {Kant, De revolutie van het denken},
  year           = {2024}
},
@book{biesta,
  author         = {Gert Biesta},
  editor         = {},
  publisher      = {Boom Lemma Uitgevers},
  title          = {Goed Onderwijs en de cultuur van het meten},
  year           = {2012}
},
@book{buckingham,
  author         = {Buckingham, Will and Douglas Burnham and Clive Hill and Peter J. King and John Marenbon and Marcus Weeks},
  editor         = {Sam Atkinson},
  publisher      = {Noordboek},
  title          = {Het grote filosofieboek},
  year           = {2023}
},
@article{Gimbel,
  author          = {Gimbel, Steven and Anne Emerson},
  journal         = {AMI Journal},
  number          = {1},
  title           = {Montessori and the Uncited Influence of Hegel},
  volume          = {},
  year            = {2009}
},
@article{Frierson,
  author          = {Patrick Frierson},
  journal         = {Journal of the American Philosophical Association},
  number          = {2},
  title           = {The Moral Philosophy of Maria Montessori},
  volume          = {7},
  year            = {2021},
  pages          = {133-154},
  doi            = {10.1017/apa.2019.41},
},
@article{gesa,
  author          = {Gesa S. E. van den Broek and Atsuko Takashima and Eliane Segers and Ludo Verhoeven},
  journal         = {A journal in research of language studies},
  number          = {2},
  title           = {Contextual Richness and Word Learning: Context Enhances Comprehension but Retrieval Enhances Retention},
  volume          = {68},
  year            = {2018},
  doi            = {10.1111/lang.12285},
  pages          = {546–585},
},
@phdthesis{gesa2,
  author  = {Gesa S. E. van den Broek},
  school  = {Radboud University},
  title   = {Benefits of memory retrieval: A neurocognitive perspective},
  year    = {2017}
},
@book{woolfolk,
  author         = {Anita Woolfolk and Malcolm Hughes and Viviene Walkup},
  editor         = {},
  publisher      = {Pearson},
  title          = {Psychology in Education},
  year           = {2013},
  edition        = {2nd},
}


